<?xml version="1.0" encoding="UTF-8"?><collection xmlns="http://www.loc.gov/MARC21/slim"><record><leader>00544nam--2200205-u-4500</leader><controlfield tag="001">000052344</controlfield><controlfield tag="002">20161230</controlfield><controlfield tag="005">20161230201050</controlfield><controlfield tag="008">100622s1000------------r-----000-0-rus-d</controlfield><datafield ind1=" " ind2=" " tag="040"><subfield code="a">IFIN-HH</subfield></datafield><datafield ind1=" " ind2=" " tag="041"><subfield code="a">rus</subfield></datafield><datafield ind1=" " ind2=" " tag="080"><subfield code="a">531</subfield></datafield><datafield ind1="1" ind2=" " tag="100"><subfield code="a">Savin, G.N</subfield></datafield><datafield ind1="1" ind2="0" tag="245"><subfield code="a">Ocerki razvitiia nekotorikh fundamentalnikh problem mehaniki</subfield><subfield code="c">G.N. Savin, T.V. Putiata, B.N. Fradlin</subfield></datafield><datafield ind1=" " ind2=" " tag="260"><subfield code="a">Kiev</subfield><subfield code="b">Naukova dumka</subfield><subfield code="c">1964</subfield></datafield><datafield ind1=" " ind2=" " tag="300"><subfield code="a">376 p</subfield></datafield><datafield ind1="1" ind2=" " tag="700"><subfield code="a">Putiata, T.V</subfield></datafield><datafield ind1=" " ind2=" " tag="700"><subfield code="a">Fradlin, B.N</subfield></datafield><datafield ind1=" " ind2=" " tag="852"><subfield code="a">20661</subfield><subfield code="c">531</subfield></datafield><datafield ind1=" " ind2=" " tag="CAT"><subfield code="a">Sys</subfield><subfield code="c">20100622</subfield><subfield code="h">142425</subfield></datafield></record></collection>